@inproceedings{Robles2009,
 author = {Robles, Gregorio and Gonzalez-Barahona, Jesus M. and Herraiz, Israel},
 title = {Evolution of the Core Team of Developers in Libre Software Projects},
 booktitle = {Proceedings of the 2009 6th IEEE International Working Conference on Mining Software Repositories},
 series = {MSR '09},
 year = {2009},
 isbn = {978-1-4244-3493-0},
 pages = {167--170},
 numpages = {4},
 url = {http://dx.doi.org/10.1109/MSR.2009.5069497},
 doi = {10.1109/MSR.2009.5069497},
 acmid = {1591154},
 publisher = {IEEE Computer Society},
 address = {Washington, DC, USA},
}

@ARTICLE{bishop2006, 
author={J. Bishop and N. Horspool}, 
journal={Computer}, 
title={Cross-Platform Development: Software that Lasts}, 
year={2006}, 
volume={39}, 
number={10}, 
pages={26-35}, 
keywords={XML;formal specification;middleware;object-oriented programming;software maintenance;software portability;software tools;XML specifications;component-based software engineering;cross-platform software development;middleware;software change management;software migration;software portability;software reflection;software toolkits;Application software;Costs;Graphical user interfaces;Hardware;Java;Middleware;Operating systems;Reflection;Software libraries;Software performance;cross-platform development;software engineering}, 
doi={10.1109/MC.2006.337}, 
ISSN={0018-9162}, 
month={Oct},
}

@ARTICLE {backblaze2008,
    author  = "Wilson, Brian",
    title   = "Brianâ€™s 10 Rules for how to write cross-platform code",
    journal = "Backblaze",
    year    = "2008",
    month   = "dec",
    publisher = {Backblaze},
    url = {https://www.backblaze.com/blog/10-rules-for-how-to-write-cross-platform-code/}
}


@INPROCEEDINGS{Wojtczyk2008, 
author={M. Wojtczyk and A. Knoll}, 
booktitle={2008 The Third International Conference on Software Engineering Advances}, 
title={A Cross Platform Development Workflow for C/C++ Applications}, 
year={2008}, 
pages={224-229}, 
keywords={ANSI standards;C++ language;ISO standards;Linux;operating systems (computers);project management;public domain software;workflow management software;American National Standards Institute;C languages;C++ languages;CMake;International Standards Organization;Linux;Mac OS X;OpenGL;Windows;cross platform development workflow;open source project;operating systems;source code project management;standard template library;ANSI standards;Code standards;Computer languages;ISO standards;Libraries;Linux;Operating systems;Project management;Standards development;Standards organizations;Cross Platform Development;Deployment and Maintenance;Workflow}, 
doi={10.1109/ICSEA.2008.41}, 
month={Oct},
}

@INPROCEEDINGS{Fahy2012, 
author={R. Fahy and L. Krewer}, 
booktitle={2012 IEEE International Games Innovation Conference}, 
title={Using open source libraries in cross platform games development}, 
year={2012}, 
pages={1-5}, 
keywords={computer games;graphical user interfaces;mobile computing;public domain software;software libraries;creative games development process;cross platform development tools;cross platform games development;file systems configurations;graphical UI;intuitive game development tool;mobile game industry;open source software libraries;open source software packages;Androids;Games;Graphics;Humanoid robots;Libraries;Standards;Vectors;cross-platform;games development;open source}, 
doi={10.1109/IGIC.2012.6329835}, 
ISSN={2166-6741}, 
month={Sept},}

@inproceedings{Duc2014,
 author = {Duc, Anh Nguyen and Mockus, Audris and Hackbarth, Randy and Palframan, John},
 title = {Forking and Coordination in Multi-platform Development: A Case Study},
 booktitle = {Proceedings of the 8th ACM/IEEE International Symposium on Empirical Software Engineering and Measurement},
 series = {ESEM '14},
 year = {2014},
 isbn = {978-1-4503-2774-9},
 location = {Torino, Italy},
 pages = {59:1--59:10},
 articleno = {59},
 numpages = {10},
 url = {http://doi.acm.org/10.1145/2652524.2652546},
 doi = {10.1145/2652524.2652546},
 acmid = {2652546},
 publisher = {ACM},
 address = {New York, NY, USA},
 keywords = {coordination, empirical study, fork, multiple platform development},
} 

@inproceedings{Nebeling2013,
 author = {Nebeling, Michael and Zimmerli, Christoph and Norrie, Moira},
 title = {Informing the Design of New Mobile Development Methods and Tools},
 booktitle = {CHI '13 Extended Abstracts on Human Factors in Computing Systems},
 series = {CHI EA '13},
 year = {2013},
 isbn = {978-1-4503-1952-2},
 location = {Paris, France},
 pages = {283--288},
 numpages = {6},
 url = {http://doi.acm.org/10.1145/2468356.2468407},
 doi = {10.1145/2468356.2468407},
 acmid = {2468407},
 publisher = {ACM},
 address = {New York, NY, USA},
 keywords = {development experience, multi-device engineering},
} 

@BOOK {Levin2014,
    author    = "Levin, Michal",
    title     = "Designing Multi-Device Experiences: An Ecosystem Approach to User Experiences across Devices",
    publisher = "O'Reilly Media",
    year      = "2014"
}

@inproceedings{Dong2016,
 author = {Dong, Tao and Churchill, Elizabeth F. and Nichols, Jeffrey},
 title = {Understanding the Challenges of Designing and Developing Multi-Device Experiences},
 booktitle = {Proceedings of the 2016 ACM Conference on Designing Interactive Systems},
 series = {DIS '16},
 year = {2016},
 isbn = {978-1-4503-4031-1},
 location = {Brisbane, QLD, Australia},
 pages = {62--72},
 numpages = {11},
 url = {http://doi.acm.org/10.1145/2901790.2901851},
 doi = {10.1145/2901790.2901851},
 acmid = {2901851},
 publisher = {ACM},
 address = {New York, NY, USA},
 keywords = {cross-device interactions, crossmedia services, design issues, developer experience, interviews, multi-device experiences, multichanneled services},
} 

@inproceedings{Sorensen2014,
 author = {S{\o}rensen, Henrik and Raptis, Dimitrios and Kjeldskov, Jesper and Skov, Mikael B.},
 title = {The 4C Framework: Principles of Interaction in Digital Ecosystems},
 booktitle = {Proceedings of the 2014 ACM International Joint Conference on Pervasive and Ubiquitous Computing},
 series = {UbiComp '14},
 year = {2014},
 isbn = {978-1-4503-2968-2},
 location = {Seattle, Washington},
 pages = {87--97},
 numpages = {11},
 url = {http://doi.acm.org/10.1145/2632048.2636089},
 doi = {10.1145/2632048.2636089},
 acmid = {2636089},
 publisher = {ACM},
 address = {New York, NY, USA},
 keywords = {digital ecosystems, framework, multi-artifact, multi-user, relationships, structures},
} 